@misc{javaDocs,
  title = {{Documentação oficial Java}},
  author = {Oracle},
  howpublished = {\url{https://docs.oracle.com/en/java/javase/}},
  note = {Acessado em 28/06/2019}
}

@misc{historyOfJava,
  title = {{History of Java}},
  author = {Javatpoint},
  howpublished = {\url{https://www.javatpoint.com/history-of-java}},
  note = {Acessado em 28/06/2019}
}

@misc{quickGuide,
  title = {{From Java 8 to Java 11 – Quick Guide}},
  author = {Aleksander Sobol},
  howpublished = {\url{https://codete.com/blog/java-8-java-11-quick-guide/}},
  note = {Acessado em 30/06/2019}
}

@misc{featuresList,
  title = {{A categorized list of all Java and JVM features since JDK 8}},
  author = {Dávid Csákvári},
  year = {2019},
  howpublished = {\url{https://advancedweb.hu/2019/02/19/post_java_8/}},
  note = {Acessado em 30/06/2019}
}

@misc{javaJit,
  title = {{Java 10’s Experimental JIT Compiler explained in 5 minutes}},
  author = {Georgia Ingham},
  year = {2019},
  howpublished = {\url{https://blog.idrsolutions.com/2018/04/java-10-project-graal-explained-5-minutes/}},
  note = {Acessado em 01/07/2019}
}

@misc{functionalInterfaces,
  title = {{Java 8 - Functional Interfaces - Tornando o Java mais legal}},
  author = {Marcelo Carvalho},
  year = {2018},
  howpublished = {\url{https://medium.com/@mvalho/java-8-functional-interfaces-tornando-o-java-mais-legal-72401462d0e2}},
  note = {Acessado em 01/07/2019}
}

@misc{wikipediaJava,
  title = {{Java (linguagem de programação)}},
  author = {Wikipédia},
  year = {2019},
  howpublished = {\url{https://pt.wikipedia.org/wiki/Java_(linguagem_de_programa%C3%A7%C3%A3o)}},
  note = {Acessado em 29/06/2019}
}